% ГОСТ Р 7.0.11-2011, Приложение Б, Книги
@online{DDMWiki,
	title="Диагональное преобладание",
	url = {https://en.wikipedia.org/wiki/Diagonally_dominant_matrix}
}

@online{RRTWiki,
    title = {Rapidly-exploring random tree},
    url = {https://en.wikipedia.org/wiki/Rapidly-exploring_random_tree}
}

@online{AStarWiki,
    title = {A* search algorithm},
    url = {https://en.wikipedia.org/wiki/A*_search_algorithm}
}

@ARTICLE{RRTConnect,
    author = {James Cuffner, Steven La Valle},
    title = {RRT-Connect: An Efficient Approach to Single-Query Path Planning.},
    year = {2000},
    language = {english}
}

@BOOK{CLRS,
    author = {Томас Кормен, Чарльз Эрик Лейзерсон},
    title = {Алгоритмы: построение и анализ},
    publisher = {MIT Press},
    year = {2007},
    edition = {2-е изд.},
    language = {russian}
}

@BOOK{Biagiotti,
	author = {Luigi Biagiotti, Claudio Melchiorri},
	title = {Trajectory Planning for Automatic Machines and Robots},
	publisher = {Springer},
	year = {2008},
	language = {english}	
}

@MANUAL{CourseraMotionPlanning,
    title = {Coursera "Robotics: Computational Motion Planning"}
}


